% !Mode:: "TeX:UTF-8"

@article{Fan2019Hmat,
  title={A multiscale neural network based on hierarchical nested bases},
  author={Yuwei Fan and Jordi Feliu-Fab and Lin Lin and Lexing Ying and Leonardo Zepeda-Nunez},
  journal={Research in the Mathematical Sciences},
  volume={6},
  number={2},
  pages={21},
  year={2019},
}